@inproceedings{lee2001algorithms,
 author = {Lee, Daniel and Seung, H. Sebastian},
 booktitle = {Advances in Neural Information Processing Systems},
 editor = {T. Leen and T. Dietterich and V. Tresp},
 pages = {556--562},
 publisher = {MIT Press},
 title = {Algorithms for Non-negative Matrix Factorization},
 url = {https://proceedings.neurips.cc/paper/2000/file/f9d1152547c0bde01830b7e8bd60024c-Paper.pdf},
 volume = {13},
 year = {2001}
}

@article{teurtrie2023espm,
  title={espm: A Python library for the simulation of STEM-EDXS datasets},
  author={Teurtrie, Adrien and Perraudin, Nathana{\"e}l and Holvoet, Thomas and Chen, Hui and Alexander, Duncan TL and Obozinski, Guillaume and H{\'e}bert, C{\'e}cile},
  journal={Ultramicroscopy},
  pages={113719},
  year={2023},
  publisher={Elsevier}
}

@article{chapman1984understanding,
  title={Understanding thin film X-ray spectra},
  author={Chapman, JN and Nicholson, WAP and Crozier, PA},
  journal={Journal of Microscopy},
  volume={136},
  number={2},
  pages={179--191},
  year={1984},
  publisher={Wiley Online Library}
}

@misc{francisco_de_la_pena_2022_7263263,
  author       = {Francisco de la Peña and
                  Eric Prestat and
                  Vidar Tonaas Fauske and
                  Pierre Burdet and
                  Jonas Lähnemann and
                  Petras Jokubauskas and
                  Tom Furnival and
                  Magnus Nord and
                  Tomas Ostasevicius and
                  Katherine E. MacArthur and
                  Duncan N. Johnstone and
                  Mike Sarahan and
                  Joshua Taillon and
                  Thomas Aarholt and
                  pquinn-dls and
                  Vadim Migunov and
                  Alberto Eljarrat and
                  Jan Caron and
                  Carter Francis and
                  T. Nemoto and
                  Timothy Poon and
                  Stefano Mazzucco and
                  actions-user and
                  Nicolas Tappy and
                  Niels Cautaerts and
                  Suhas Somnath and
                  Tom Slater and
                  Michael Walls and
                  Florian Winkler and
                  Håkon Wiik Ånes},
  title        = {hyperspy/hyperspy: Release v1.7.3},
  month        = oct,
  year         = 2022,
  publisher    = {Zenodo},
  version      = {v1.7.3},
  doi          = {10.5281/zenodo.7263263},
  url          = {https://doi.org/10.5281/zenodo.7263263}
}

@article{scholze2009modelling,
  title={Modelling the response function of energy dispersive X-ray spectrometers with silicon detectors},
  author={Scholze, F and Procop, M},
  journal={X-Ray Spectrometry: An International Journal},
  volume={38},
  number={4},
  pages={312--321},
  year={2009},
  publisher={Wiley Online Library}
}
