---
---


@article{choi2020probabilistic,
  title={Probabilistic circuits: A unifying framework for tractable probabilistic models},
  author={Choi, Y and Vergari, Antonio and Van den Broeck, Guy},
  journal={UCLA. URL: http://starai. cs. ucla. edu/papers/ProbCirc20. pdf},
  pages={6},
  year={2020}
}

@article{kolmogorov1933grundbegriffe,
  title={Grundbegriffe der Wahrscheinlichkeitrechnung (Ergebnisse Der Mathematik). Translated by Morrison, N},
  author={Kolmogorov, A},
  journal={Foundations of probability},
  year={1933}
}

@book{hunter2011data,
  title={Data Mining Compressed, Incomplete and Inaccurate High Dimensional Data},
  author={Hunter, Blake},
  year={2011},
  publisher={University of California, Davis}
}